<?xml version="1.0" encoding="UTF-8"?><collection xmlns="http://www.loc.gov/MARC21/slim"><record><leader>00494nam--2200181-i-4500</leader><controlfield tag="001">000015039</controlfield><controlfield tag="002">20161230</controlfield><controlfield tag="005">20170118002902</controlfield><controlfield tag="008">060222s1000------------r-----000-0-eng-d</controlfield><datafield ind1=" " ind2=" " tag="080"><subfield code="a">530.145.6</subfield></datafield><datafield ind1=" " ind2=" " tag="100"><subfield code="a">Chirkov, D. V</subfield></datafield><datafield ind1=" " ind2=" " tag="245"><subfield code="a">Introduction a la theorie quantique des champs traduit par a.bloch</subfield></datafield><datafield ind1=" " ind2=" " tag="260"><subfield code="a">Paris</subfield><subfield code="b">Dunod</subfield><subfield code="c">1960</subfield></datafield><datafield ind1=" " ind2=" " tag="300"><subfield code="a">XIV + 597 p</subfield></datafield><datafield ind1=" " ind2=" " tag="490"><subfield code="a">Travaux Et Recherches Mathematics</subfield></datafield><datafield ind1=" " ind2=" " tag="700"><subfield code="a">Bogoliubov, N. N</subfield></datafield><datafield ind1=" " ind2=" " tag="852"><subfield code="a">76236</subfield></datafield><datafield ind1=" " ind2=" " tag="CAT"><subfield code="a">SYS</subfield><subfield code="c">20170118</subfield><subfield code="h">002902</subfield></datafield></record></collection>